<record><leader>00000cas a22000007a 4500</leader><controlfield tag="001">15744406</controlfield><controlfield tag="008">870528c19719999aluwr ne      0    0eng d</controlfield><datafield ind1=" " ind2=" " tag="010"><subfield code="a">sn 87050185 </subfield></datafield><datafield ind1=" " ind2=" " tag="040"><subfield code="a">AAR</subfield><subfield code="b">eng</subfield><subfield code="c">AAR</subfield><subfield code="d">CPN</subfield><subfield code="d">OCLCQ</subfield></datafield><datafield ind1=" " ind2=" " tag="042"><subfield code="a">msc</subfield></datafield><datafield ind1="0" ind2="4" tag="245"><subfield code="a">The Alabama-messenger.</subfield></datafield><datafield ind1=" " ind2=" " tag="260"><subfield code="a">Birmingham, Ala. :</subfield><subfield code="b">Eleanor Abercrombie Foster,</subfield><subfield code="c">1971-</subfield></datafield><datafield ind1=" " ind2=" " tag="310"><subfield code="a">Weekly</subfield></datafield><datafield ind1="0" ind2=" " tag="362"><subfield code="a">Vol. 51, no. 29 (July 17, 1971)-</subfield></datafield><datafield ind1=" " ind2=" " tag="752"><subfield code="a">United States</subfield><subfield code="b">Alabama</subfield><subfield code="c">Jefferson</subfield><subfield code="d">Birmingham.</subfield></datafield><datafield ind1="0" ind2="4" tag="780"><subfield code="t">Birmingham messenger</subfield><subfield code="w">(DLC)sn 85044784</subfield></datafield><datafield ind1="0" ind2="4" tag="780"><subfield code="t">Alabama legal advertiser</subfield><subfield code="w">(DLC)sn 87050184</subfield></datafield></record>